<?xml version="1.0" encoding="UTF-8"?><collection xmlns="http://www.loc.gov/MARC21/slim"><record><leader>00603nam--2200181-i-4500</leader><controlfield tag="001">000008600</controlfield><controlfield tag="002">20161230</controlfield><controlfield tag="005">20161230201027</controlfield><controlfield tag="008">060222s1000------------r-----000-0-eng-d</controlfield><datafield ind1=" " ind2=" " tag="040"><subfield code="a">IFIN-HH</subfield></datafield><datafield ind1=" " ind2=" " tag="080"><subfield code="a">535.33-1</subfield></datafield><datafield ind1="1" ind2=" " tag="100"><subfield code="a">Bentley, Freeman F</subfield></datafield><datafield ind1="1" ind2="0" tag="245"><subfield code="a">Infrared spectra and characteristic frequencies ~100-300 cm-1</subfield><subfield code="b">A collection of spectra, interpretation, and bibliography</subfield><subfield code="c">Freeman f. bentley; lee d. smithson; adele l. rozek</subfield></datafield><datafield ind1=" " ind2=" " tag="260"><subfield code="a">SYDNEY</subfield><subfield code="b">Interscience Publishers</subfield><subfield code="c">1968</subfield></datafield><datafield ind1=" " ind2=" " tag="300"><subfield code="a">XI + 779 P</subfield></datafield><datafield ind1="1" ind2=" " tag="700"><subfield code="a">Rozek, Adele L</subfield></datafield><datafield ind1=" " ind2=" " tag="852"><subfield code="a">29171</subfield><subfield code="c">535.33</subfield></datafield><datafield ind1=" " ind2=" " tag="CAT"><subfield code="a">Sys</subfield><subfield code="c">20101203</subfield><subfield code="h">105850</subfield></datafield></record></collection>